@inproceedings{SIMPLE,
 author = {Qazi, Zafar Ayyub and Tu, Cheng-Chun and Chiang, Luis and Miao, Rui and Sekar, Vyas and Yu, Minlan},
 title = "{SIMPLE-fying Middlebox Policy Enforcement Using SDN}",
 booktitle = {Proceedings of the ACM SIGCOMM 2013 Conference on SIGCOMM},
 series = {SIGCOMM '13},
 year = {2013},
 pages = {27--38},
 numpages = {12},
 url = {http://doi.acm.org/10.1145/2486001.2486022},
 doi = {10.1145/2486001.2486022},
 acmid = {2486022},
 publisher = {ACM},
 keywords = {middlebox, network management, software-defined networking},
} 

@conference {yaron,
	title = "{Deep Packet Inspection as a Service}",
	booktitle = {CoNEXT},
	year = {2014},
	month = {2-5 December},
	address = {Sydney, Australia},
	url = {http://conferences2.sigcomm.org/co-next/2014/CoNEXT_papers/p271.pdf},
	author = {A. Bremler-Barr and Y. Harchol and D. Hay and Y. Koral}
}


@article{aho,
  title="{Efficient string matching: an aid to bibliographic search}",
  author={Aho, Alfred V and Corasick, Margaret J},
  journal={Communications of the ACM},
  volume={18},
  number={6},
  pages={333--340},
  year={1975},
  publisher={ACM}
}

@incollection{zave,
  title="{Compositional network mobility}",
  author={Zave, Pamela and Rexford, Jennifer},
  booktitle={Verified Software: Theories, Tools, Experiments},
  pages={68--87},
  year={2014},
  publisher={Springer}
}

@techreport{NAT,
  title={The IP network address translator (NAT)},
  author={Egevang, Kjeld and Francis, Paul},
  year={1994},
  institution={RFC 1631, may}
}
@article{iperf,
  title={Iperf: The TCP/UDP bandwidth measurement tool},
  author={Tirumala, Ajay and Qin, Feng and Dugan, Jon and Ferguson, Jim and Gibbs, Kevin},
  journal={htt p://dast. nlanr. net/Projects},
  year={2005}
}

@book{openvpn,
  title={OpenVPN: Building and integrating virtual private networks},
  author={Feilner, Markus},
  year={2006},
  publisher={Packt Publishing Ltd}
}

@inproceedings{click,
 author = {Morris, Robert and Kohler, Eddie and Jannotti, John and Kaashoek, M. Frans},
 title = "{The Click Modular Router}",
 booktitle = {Proceedings of the Seventeenth ACM Symposium on Operating Systems Principles},
 series = {SOSP '99},
 year = {1999},
 isbn = {1-58113-140-2},
 location = {Charleston, South Carolina, USA},
 pages = {217--231},
 numpages = {15},
 url = {http://doi.acm.org/10.1145/319151.319166},
 doi = {10.1145/319151.319166},
 acmid = {319166},
 publisher = {ACM},
 address = {New York, NY, USA},
} 


@inproceedings {VeriFlow,
  author = {Ahmed Khurshid and Xuan Zou and Wenxuan Zhou and Matthew Caesar and P. Brighten Godfrey},
  title = "{VeriFlow: Verifying Network-Wide Invariants in Real Time}",
  booktitle = {Presented as part of the 10th USENIX Symposium on Networked Systems Design and Implementation (NSDI 13)},
  year = {2013},
  isbn = {978-1-931971-00-3},
  pages = {15--27},
  url = {https://www.usenix.org/conference/nsdi13/technical-sessions/presentation/khurshid},
  publisher = {USENIX},
}



@inproceedings {NetPlumber,
  author = {Peyman Kazemian and Michael Chang and Hongyi Zeng and George Varghese and Nick McKeown and Scott Whyte},
  title = "{Real Time Network Policy Checking Using Header Space Analysis}",
  booktitle = {Presented as part of the 10th USENIX Symposium on Networked Systems Design and Implementation (NSDI 13)},
  year = {2013},
  isbn = {978-1-931971-00-3},
  pages = {99--111},
  url = {https://www.usenix.org/conference/nsdi13/technical-sessions/presentation/kazemian},
  publisher = {USENIX},
}

@inproceedings{SNAP,
 author = {Yu, Minlan and Greenberg, Albert and Maltz, Dave and Rexford, Jennifer and Yuan, Lihua and Kandula, Srikanth and Kim, Changhoon},
 title = "{Profiling Network Performance for Multi-tier Data Center Applications}",
 booktitle = {Proceedings of the 8th USENIX Conference on Networked Systems Design and Implementation},
 series = {NSDI'11},
 year = {2011},
 pages = {57--70},
 numpages = {14},
 url = {http://dl.acm.org/citation.cfm?id=1972457.1972464},
 acmid = {1972464},
 publisher = {USENIX Association},
 address = {Berkeley, CA, USA},
} 

@inproceedings {OVS,
  author = {Teemu Koponen and Keith Amidon and Peter Balland and Martin Casado and Anupam Chanda and Bryan Fulton and Igor Ganichev and Jesse Gross and Paul Ingram and Ethan Jackson and Andrew Lambeth and Romain Lenglet and Shih-Hao Li and Amar Padmanabhan and Justin Pettit and Ben Pfaff and Rajiv Ramanathan and Scott Shenker and Alan Shieh and Jeremy Stribling and Pankaj Thakkar and Dan Wendlandt and Alexander Yip and Ronghua Zhang},
  title = "{Network Virtualization in Multi-tenant Datacenters}",
  booktitle = {11th USENIX Symposium on Networked Systems Design and Implementation (NSDI 14)},
  year = {2014},
  month = Apr,
  isbn = {978-1-931971-09-6},
  pages = {203--216},
  url = {https://www.usenix.org/conference/nsdi14/technical-sessions/presentation/koponen},
  publisher = {USENIX Association},
}
@inproceedings{I3,
 author = {Stoica, Ion and Adkins, Daniel and Zhuang, Shelley and Shenker, Scott and Surana, Sonesh},
 title = "{Internet Indirection Infrastructure}",
 booktitle = {Proceedings of the 2002 Conference on Applications, Technologies, Architectures, and Protocols for Computer Communications},
 series = {SIGCOMM '02},
 year = {2002},
 isbn = {1-58113-570-X},
 pages = {73--86},
 numpages = {14},
 url = {http://doi.acm.org/10.1145/633025.633033},
 doi = {10.1145/633025.633033},
 acmid = {633033},
 publisher = {ACM},
 address = {New York, NY, USA},
 keywords = {abstraction, architecture, indirection, internet, scalable},
} 
@article{I3Mobile,
 author = {Zhuang, Shelley and Lai, Kevin and Stoica, Ion and Katz, Randy and Shenker, Scott},
 title = "{Host Mobility Using an Internet Indirection Infrastructure}",
 journal = {Wirel. Netw.},
 issue_date = {November 2005},
 volume = {11},
 number = {6},
 month = nov,
 year = {2005},
 issn = {1022-0038},
 pages = {741--756},
 numpages = {16},
 url = {http://dx.doi.org/10.1007/s11276-005-3528-3},
 doi = {10.1007/s11276-005-3528-3},
 acmid = {1160413},
 publisher = {Springer-Verlag New York, Inc.},
 address = {Secaucus, NJ, USA},
 keywords = {ROAM, internet infrastructure, mobility, overlay networks},
} 

@inproceedings{IPTABLES,
    author = {Robert Marmorstein and Phil Kearns and The College William},
    title = "{An Open Source Solution for Testing NAT’d and Nested iptables Firewalls}",
    booktitle = {19th Large Installation Systems Administration Conference (LISA ’05},
    year = {2005},
    pages = {103--112}
}

@inproceedings{HAMbox,
 author = {Rajagopalan, Shriram and Williams, Dan and Jamjoom, Hani},
 title = "{Pico Replication: A High Availability Framework for Middleboxes}",
 booktitle = {Proceedings of the 4th Annual Symposium on Cloud Computing},
 series = {SOCC '13},
 year = {2013},
 isbn = {978-1-4503-2428-1},
 pages = {1:1--1:15},
 articleno = {1},
 numpages = {15},
 url = {http://doi.acm.org/10.1145/2523616.2523635},
 doi = {10.1145/2523616.2523635},
 acmid = {2523635},
 publisher = {ACM},
 address = {New York, NY, USA},
} 


@inproceedings {MPTCP,
author = {Costin Raiciu and Christoph Paasch and Sebastien Barre and Alan Ford and Michio Honda and Fabien Duchene and Olivier Bonaventure and Mark Handley},
title = "{How Hard Can It Be? Designing and Implementing a Deployable Multipath TCP}",
booktitle = {Presented as part of the 9th USENIX Symposium on Networked Systems Design and Implementation (NSDI 12)},
year = {2012},
isbn = {978-931971-92-8},
pages = {399--412},
url = {https://www.usenix.org/conference/nsdi12/technical-sessions/presentation/raiciu},
publisher = {USENIX},
}

@article{openflow,
 author = {McKeown, Nick and Anderson, Tom and Balakrishnan, Hari and Parulkar, Guru and Peterson, Larry and Rexford, Jennifer and Shenker, Scott and Turner, Jonathan},
 title = "{OpenFlow: Enabling Innovation in Campus Networks}",
 journal = {SIGCOMM Comput. Commun. Rev.},
 volume = {38},
 number = {2},
 month = mar,
 year = {2008},
 issn = {0146-4833},
 pages = {69--74},
 numpages = {6},
 url = {http://doi.acm.org/10.1145/1355734.1355746},
 doi = {10.1145/1355734.1355746},
 acmid = {1355746},
 publisher = {ACM},
 address = {New York, NY, USA},
 keywords = {ethernet switch, flow-based, virtualization},
} 

@rfc{IPV6,
 author = {Deering, S. and Hinden, R.},
 title = "{Internet Protocol, Version 6 (IPv6) Specification}",
 year = {1998},
 publisher = {RFC Editor},
 address = {United States},
}

@inproceedings{Aplomb,
 author = {Sherry, Justine and Hasan, Shaddi and Scott, Colin and Krishnamurthy, Arvind and Ratnasamy, Sylvia and Sekar, Vyas},
 title = "{Making Middleboxes Someone else's Problem: Network Processing As a Cloud Service}",
 booktitle = {Proceedings of the ACM SIGCOMM 2012 Conference on Applications, Technologies, Architectures, and Protocols for Computer Communication},
 series = {SIGCOMM '12},
 year = {2012},
 isbn = {978-1-4503-1419-0},
 pages = {13--24},
 numpages = {12},
 url = {http://doi.acm.org/10.1145/2342356.2342359},
 doi = {10.1145/2342356.2342359},
 acmid = {2342359},
 publisher = {ACM},
 address = {New York, NY, USA},
 keywords = {cloud, middlebox, outsourcing},
} 

@inproceedings {FLOWTAGS,
  author = {Seyed Kaveh Fayazbakhsh and Luis Chiang and Vyas Sekar and Minlan Yu and Jeffrey C. Mogul},
  title = "{Enforcing Network-Wide Policies in the Presence of Dynamic Middlebox Actions using FlowTags}",
  booktitle = {11th USENIX Symposium on Networked Systems Design and Implementation (NSDI 14)},
  year = {2014},
  month = Apr,
  isbn = {978-1-931971-09-6},
  pages = {543--546},
  url = {https://www.usenix.org/conference/nsdi14/technical-sessions/presentation/fayazbakhsh},
  publisher = {USENIX Association},
}

@inproceedings{consistentupdate,
 author = {Reitblatt, Mark and Foster, Nate and Rexford, Jennifer and Schlesinger, Cole and Walker, David},
 title ="{Abstractions for Network Update}",
 booktitle = {Proceedings of the ACM SIGCOMM 2012 Conference on Applications, Technologies, Architectures, and Protocols for Computer Communication},
 series = {SIGCOMM '12},
 year = {2012},
 isbn = {978-1-4503-1419-0},
 pages = {323--334},
 numpages = {12},
 url = {http://doi.acm.org/10.1145/2342356.2342427},
 doi = {10.1145/2342356.2342427},
 acmid = {2342427},
 publisher = {ACM},
 keywords = {consistency, frenetic, network programming languages, openflow, planned change, software-defined networking},
} 

@inproceedings{VROOM,
 author = {Wang, Yi and Keller, Eric and Biskeborn, Brian and van der Merwe, Jacobus and Rexford, Jennifer},
 title = "{Virtual Routers on the Move: Live Router Migration As a Network-management Primitive}",
 booktitle = {Proceedings of the ACM SIGCOMM 2008 Conference on Data Communication},
 series = {SIGCOMM '08},
 year = {2008},
 isbn = {978-1-60558-175-0},
 pages = {231--242},
 numpages = {12},
 url = {http://doi.acm.org/10.1145/1402958.1402985},
 doi = {10.1145/1402958.1402985},
 acmid = {1402985},
 publisher = {ACM},
 keywords = {architecture, internet, migration, routing, virtual router},
} 

@inproceedings{xinjin,
 author = {Jin, Xin and Liu, Hongqiang Harry and Gandhi, Rohan and Kandula, Srikanth and Mahajan, Ratul and Zhang, Ming and Rexford, Jennifer and Wattenhofer, Roger},
 title ="{Dynamic Scheduling of Network Updates}",
 booktitle = {Proceedings of the 2014 ACM Conference on SIGCOMM},
 series = {SIGCOMM '14},
 year = {2014},
 isbn = {978-1-4503-2836-4},
 pages = {539--550},
 numpages = {12},
 url = {http://doi.acm.org/10.1145/2619239.2626307},
 doi = {10.1145/2619239.2626307},
 acmid = {2626307},
 publisher = {ACM},
 keywords = {network update, software-defined networking},
} 

@inproceedings{slick,
 author = {Anwer, Bilal and Benson, Theophilus and Feamster, Nick and Levin, Dave and Rexford, Jennifer},
 title = "{A Slick Control Plane for Network Middleboxes}",
 booktitle = {Proceedings of the Second ACM SIGCOMM Workshop on Hot Topics in Software Defined Networking},
 series = {HotSDN '13},
 year = {2013},
 isbn = {978-1-4503-2178-5},
 pages = {147--148},
 numpages = {2},
 url = {http://doi.acm.org/10.1145/2491185.2491223},
 doi = {10.1145/2491185.2491223},
 acmid = {2491223},
 publisher = {ACM},
 keywords = {middlebox, network management, software-defined networking},
} 

@inproceedings {ClickOS,
  author = {Joao Martins and Mohamed Ahmed and Costin Raiciu and Vladimir Olteanu and Michio Honda and Roberto Bifulco and Felipe Huici},
  title = "{ClickOS and the Art of Network Function Virtualization}",
  booktitle = {11th USENIX Symposium on Networked Systems Design and Implementation (NSDI 14)},
  year = {2014},
  month = Apr,
  isbn = {978-1-931971-09-6},
  pages = {459--473},
  url = {https://www.usenix.org/conference/nsdi14/technical-sessions/presentation/martins},
  publisher = {USENIX Association},
}

@inproceedings{OpenNF,
 author = {Gember-Jacobson, Aaron and Viswanathan, Raajay and Prakash, Chaithan and Grandl, Robert and Khalid, Junaid and Das, Sourav and Akella, Aditya},
 title = "{OpenNF: Enabling Innovation in Network Function Control}",
 booktitle = {Proceedings of the 2014 ACM Conference on SIGCOMM},
 series = {SIGCOMM '14},
 year = {2014},
 isbn = {978-1-4503-2836-4},
 pages = {163--174},
 numpages = {12},
 url = {http://doi.acm.org/10.1145/2619239.2626313},
 doi = {10.1145/2619239.2626313},
 acmid = {2626313},
 publisher = {ACM},
 keywords = {middleboxes, network functions, software-defined networking},
}

@inproceedings {CoMB,
  author = {Vyas Sekar and Norbert Egi and Sylvia Ratnasamy and Michael K. Reiter and Guangyu Shi},
  title = "{Design and Implementation of a Consolidated Middlebox Architecture}",
  booktitle = {Presented as part of the 9th USENIX Symposium on Networked Systems Design and Implementation (NSDI 12)},
  year = {2012},
  isbn = {978-931971-92-8},
  pages = {323--336},
  url = {https://www.usenix.org/conference/nsdi12/technical-sessions/presentation/sekar},
  publisher = {USENIX},
}

@inproceedings {splitmerge,
  author = {Shriram Rajagopalan and Dan Williams and Hani Jamjoom and Andrew Warfield},
  title = "{Split/Merge: System Support for Elastic Execution in Virtual Middleboxes}",
  booktitle = {Presented as part of the 10th USENIX Symposium on Networked Systems Design and Implementation (NSDI 13)},
  year = {2013},
  isbn = {978-1-931971-00-3},
  pages = {227--240},
  url = {https://www.usenix.org/conference/nsdi13/technical-sessions/presentation/rajagopalan},
  publisher = {USENIX},
}

@book{Spin,
 author = {Holzmann, Gerard},
 title = "{Spin Model Checker, the: Primer and Reference Manual}",
 year = {2003},
 isbn = {0-321-22862-6},
 edition = {First},
 publisher = {Addison-Wesley Professional},
} 

@inproceedings{TCPMobile,
 author = {Snoeren, Alex C. and Balakrishnan, Hari},
 title = "{An End-to-end Approach to Host Mobility}",
 booktitle = {Proceedings of the 6th Annual International Conference on Mobile Computing and Networking},
 series = {MobiCom '00},
 year = {2000},
 isbn = {1-58113-197-6},
 pages = {155--166},
 numpages = {12},
 url = {http://doi.acm.org/10.1145/345910.345938},
 doi = {10.1145/345910.345938},
 acmid = {345938},
 publisher = {ACM},
} 

@article{lisp,
  title="{LISP-MN: mobile networking through LISP}",
  author={Natal, Alberto Rodr{\'\i}guez and Jakab, Lor{\'a}nd and Portol{\'e}s, Marc and Ermagan, Vina and Natarajan, Preethi and Maino, Fabio and Meyer, David and Aparicio, Albert Cabellos},
  journal={Wireless personal communications},
  volume={70},
  number={1},
  pages={253--266},
  year={2013},
  publisher={Springer}
}

@inproceedings {serval,
  author = {Erik Nordstr{\"o}m and David Shue and Prem Gopalan and Rob Kiefer and Matvey Arye and Steven Ko and Jennifer Rexford and Michael J. Freedman},
  title = "{Serval: An End-Host Stack for Service-Centric Networking}",
  booktitle = {Presented as part of the 9th USENIX Symposium on Networked Systems Design and Implementation (NSDI 12)},
  year = {2012},
  isbn = {978-931971-92-8},
  pages = {85--98},
  url = {https://www.usenix.org/conference/nsdi12/technical-sessions/presentation/nordstrom},
  publisher = {USENIX},
}

@inproceedings{DOA,
 author = {Walfish, Michael and Stribling, Jeremy and Krohn, Maxwell and Balakrishnan, Hari and Morris, Robert and Shenker, Scott},
 title ="{Middleboxes No Longer Considered Harmful}",
 booktitle = {Proceedings of the 6th Conference on Symposium on Opearting Systems Design and Implementation - Volume 6},
 series = {OSDI'04},
 year = {2004},
 pages = {15--15},
 numpages = {1},
 url = {http://dl.acm.org/citation.cfm?id=1251254.1251269},
 acmid = {1251269},
 publisher = {USENIX Association},
 address = {Berkeley, CA, USA},
} 

@inproceedings{SWAN,
 author = {Hong, Chi-Yao and Kandula, Srikanth and Mahajan, Ratul and Zhang, Ming and Gill, Vijay and Nanduri, Mohan and Wattenhofer, Roger},
 title = "{Achieving High Utilization with Software-driven WAN}",
 booktitle = {Proceedings of the ACM SIGCOMM 2013 Conference on SIGCOMM},
 series = {SIGCOMM '13},
 year = {2013},
 isbn = {978-1-4503-2056-6},
 pages = {15--26},
 numpages = {12},
 url = {http://doi.acm.org/10.1145/2486001.2486012},
 doi = {10.1145/2486001.2486012},
 acmid = {2486012},
 publisher = {ACM},
 address = {New York, NY, USA},
 keywords = {inter-dc wan, software-defined networking},
} 

@inproceedings {mTCP,
  author = {EunYoung Jeong and Shinae Wood and Muhammad Jamshed and Haewon Jeong and Sunghwan Ihm and Dongsu Han and KyoungSoo Park},
  title = "{mTCP: a Highly Scalable User-level TCP Stack for Multicore Systems}",
  booktitle = {11th USENIX Symposium on Networked Systems Design and Implementation (NSDI 14)},
  year = {2014},
  month = Apr,
  isbn = {978-1-931971-09-6},
  pages = {489--502},
  url = {https://www.usenix.org/conference/nsdi14/technical-sessions/presentation/jeong},
  publisher = {USENIX Association},
}

@inproceedings{zUpdate,
 author = {Liu, Hongqiang Harry and Wu, Xin and Zhang, Ming and Yuan, Lihua and Wattenhofer, Roger and Maltz, David},
 title = "{zUpdate: Updating Data Center Networks with Zero Loss}",
 booktitle = {Proceedings of the ACM SIGCOMM 2013 Conference on SIGCOMM},
 series = {SIGCOMM '13},
 year = {2013},
 isbn = {978-1-4503-2056-6},
 pages = {411--422},
 numpages = {12},
 url = {http://doi.acm.org/10.1145/2486001.2486005},
 doi = {10.1145/2486001.2486005},
 acmid = {2486005},
 publisher = {ACM},
 address = {New York, NY, USA},
 keywords = {congestion, data center network, network update},
} 

@inproceedings{pyretic,
 author = {Monsanto, Christopher and Reich, Joshua and Foster, Nate and Rexford, Jennifer and Walker, David},
 title = "{Composing Software-defined Networks}",
 booktitle = {Proceedings of the 10th USENIX Conference on Networked Systems Design and Implementation},
 series = {nsdi'13},
 year = {2013},
 pages = {1--14},
 numpages = {14},
 url = {http://dl.acm.org/citation.cfm?id=2482626.2482629},
 acmid = {2482629},
 publisher = {USENIX Association},
 address = {Berkeley, CA, USA},
} 


@ARTICLE{hip, 
  author={Nikander, P. and Gurtov, A and Henderson, T.R.}, 
  journal={Communications Surveys Tutorials, IEEE}, 
  title="{Host Identity Protocol (HIP): Connectivity, Mobility, Multi-Homing, Security, and Privacy over IPv4 and IPv6 Networks}", 
  year={2010}, 
  month={Second}, 
  volume={12}, 
  number={2}, 
  pages={186-204}, 
  doi={10.1109/SURV.2010.021110.00070}, 
  ISSN={1553-877X},
}
@inproceedings{TCPProxy,
 author = {Balakrishnan, Hari and Seshan, Srinivasan and Amir, Elan and Katz, Randy H.},
 title = "{Improving TCP/IP Performance over Wireless Networks}",
 booktitle = {Proceedings of the 1st Annual International Conference on Mobile Computing and Networking},
 series = {MobiCom '95},
 year = {1995},
 isbn = {0-89791-814-2},
 pages = {2--11},
 numpages = {10},
 url = {http://doi.acm.org/10.1145/215530.215544},
 doi = {10.1145/215530.215544},
 acmid = {215544},
 publisher = {ACM},
 address = {New York, NY, USA},
} 

@inproceedings{softcell,
 author = {Jin, Xin and Li, Li Erran and Vanbever, Laurent and Rexford, Jennifer},
 title = "{SoftCell: Scalable and Flexible Cellular Core Network Architecture}",
 booktitle = {Proceedings of the Ninth ACM Conference on Emerging Networking Experiments and Technologies},
 series = {CoNEXT '13},
 year = {2013},
 isbn = {978-1-4503-2101-3},
 pages = {163--174},
 numpages = {12},
 url = {http://doi.acm.org/10.1145/2535372.2535377},
 doi = {10.1145/2535372.2535377},
 acmid = {2535377},
 publisher = {ACM},
 address = {New York, NY, USA},
 keywords = {architecture design, cellular core networks, software-defined networking},
} 
@inproceedings{Ananta,
 author = {Patel, Parveen and Bansal, Deepak and Yuan, Lihua and Murthy, Ashwin and Greenberg, Albert and Maltz, David A. and Kern, Randy and Kumar, Hemant and Zikos, Marios and Wu, Hongyu and Kim, Changhoon and Karri, Naveen},
 title = "{Ananta: Cloud Scale Load Balancing}",
 booktitle = {Proceedings of the ACM SIGCOMM 2013 Conference on SIGCOMM},
 series = {SIGCOMM '13},
 year = {2013},
 isbn = {978-1-4503-2056-6},
 pages = {207--218},
 numpages = {12},
 url = {http://doi.acm.org/10.1145/2486001.2486026},
 doi = {10.1145/2486001.2486026},
 acmid = {2486026},
 publisher = {ACM},
 address = {New York, NY, USA},
 keywords = {distributed systems, server load balancing, software defined networking},
} 

@inproceedings{tcpdump,
 author = {McCanne, Steven and Jacobson, Van},
 title = {The BSD Packet Filter: A New Architecture for User-level Packet Capture},
 booktitle = {Proceedings of the USENIX Winter 1993 Conference Proceedings on USENIX Winter 1993 Conference Proceedings},
 series = {USENIX'93},
 year = {1993},
 pages = {2--2},
 numpages = {1},
 url = {http://dl.acm.org/citation.cfm?id=1267303.1267305},
 acmid = {1267305},
 publisher = {USENIX Association},
 address = {Berkeley, CA, USA},
} 

@INPROCEEDINGS{transcoding, 
author={Smith, J.R. and Mohan, R. and Chung-Sheng Li}, 
booktitle={Circuits and Systems, 1998. ISCAS '98. Proceedings of the 1998 IEEE International Symposium on}, 
title="{Transcoding Internet content for heterogeneous client devices}", 
year={1998}, 
month={May}, 
volume={3}, 
pages={599-602 vol.3}, 
keywords={Internet;audio coding;data compression;image classification;image coding;multimedia computing;InfoPyramid;Internet content;content analysis;fidelity;filtering;heterogeneous client devices;modality;network-based solution;policy engine;real-time network constraints;selection;transcoding;translation;Displays;IP networks;Image coding;Internet;Markup languages;Milling machines;Personal digital assistants;Rivers;Search engines;Transcoding}, 
doi={10.1109/ISCAS.1998.704083},
}


@InProceedings{ratul,
   author = {Ratul Mahajan and Roger Wattenhofer},
   title =  "{On Consistent Updates in Software Deﬁned Networks}",
   booktitle =  {12th ACM Workshop on Hot Topics in Networks (HotNets), College Park, Maryland},
   month =  {November},
   year =   {2013}
}    

@article{IPS,
  title="{Guide to intrusion detection and prevention systems (idps)}",
  author={Scarfone, Karen and Mell, Peter},
  journal={NIST special publication},
  volume={800},
  number={2007},
  pages={94},
  year={2007}
}

@misc{Netfilter,
  title = "{Netfilter}",
  note = "\url{http://www.netfilter.org/index.html}",
}

@misc{ intelpacketrate,
title ="{Intel network builder}",
note="\url{http://networkbuilders.intel.com/docs/network_builders_RA_packet_processing.pdf}",

}
@misc{squid,
  title = {squid},
  note = "\url{http://www.squid-cache.org/Intro/}",
}

@misc{prads,
  title = "{PRADS}",
  note = "\url{http://gamelinux.github.io/prads/}",
}
#https://www.bro.org/

@misc{bro,
  title = "{The Bro Network Security Monitor}",
  note = "\url{https://www.bro.org/}",
}
#https://www.snort.org/
@misc{snort,
  title = "{Snort}",
  note = "\url{https://www.snort.org/}",
}

#http://www.inlab.de/balance.html
@misc{balance,
  title = "{Balance}",
  note = "\url{http://www.inlab.de/balance.html}",
}
#http://www.trafficsqueezer.org/
@misc{tsqueezer,
  title = "{Traffic Squeezer}",
  note = "\url{http://www.trafficsqueezer.org/}",
}


#https://tools.ietf.org/html/rfc3220
@misc{mip,
  title = "{Mobile IP}",
  note = "\url{https://tools.ietf.org/html/rfc3220}",
}
#http://dpdk.org/
@misc{dpdk,
  title = "{DPDK}",
  note = "\url{http://dpdk.org/}",
}
@misc{uthash,
  title = {uthash home},
  note = "\url{http://troydhanson.github.io/uthash/index.html}",
}
@techreport {Niagara,
  title = "{Niagara}",
  note = "\url{http://www.cs.princeton.edu/research/techreps/TR-973-14}",
}